
@article{boresch2003absolute,
  title={Absolute binding free energies: a quantitative approach for their calculation},
  author={Boresch, Stefan and Tettinger, Franz and Leitgeb, Martin and Karplus, Martin},
  journal={The Journal of Physical Chemistry B},
  volume={107},
  number={35},
  pages={9535--9551},
  year={2003},
  publisher={ACS Publications}
}

@article{procacci2021ns,
  title={On the NS-DSSB unidirectional estimates in the SAMPL6 SAMPLing challenge},
  author={Procacci, Piero and Macchiagodena, Marina},
  journal={Journal of computer-aided molecular design},
  volume={35},
  number={10},
  pages={1055--1065},
  year={2021},
  publisher={Springer}
}


@article{lyubartsev1992new,
  title={New approach to Monte Carlo calculation of the free energy: Method of expanded ensembles},
  author={Lyubartsev, AP and Martsinovski, AA and Shevkunov, SV and Vorontsov-Velyaminov, PN},
  journal={The Journal of chemical physics},
  volume={96},
  number={3},
  pages={1776--1783},
  year={1992},
  publisher={American Institute of Physics}
}

@article{monroe2014converging,
  title={Converging free energies of binding in cucurbit [7] uril and octa-acid host--guest systems from SAMPL4 using expanded ensemble simulations},
  author={Monroe, Jacob I and Shirts, Michael R},
  journal={Journal of computer-aided molecular design},
  volume={28},
  number={4},
  pages={401--415},
  year={2014},
  publisher={Springer}
}

@article{rizzi2020sampl6,
  title={The SAMPL6 SAMPLing challenge: Assessing the reliability and efficiency of binding free energy calculations},
  author={Rizzi, Andrea and Jensen, Travis and Slochower, David R and Aldeghi, Matteo and Gapsys, Vytautas and Ntekoumes, Dimitris and Bosisio, Stefano and Papadourakis, Michail and Henriksen, Niel M and De Groot, Bert L and others},
  journal={Journal of computer-aided molecular design},
  pages={1--33},
  year={2020},
  publisher={Springer}
}

@article{shirts2008statistically,
  title={Statistically optimal analysis of samples from multiple equilibrium states},
  author={Shirts, Michael R and Chodera, John D},
  journal={The Journal of chemical physics},
  volume={129},
  number={12},
  pages={124105},
  year={2008},
  publisher={American Institute of Physics}
}
